<record><leader>00000cas a22000007a 4500</leader><controlfield tag="001">13788445</controlfield><controlfield tag="008">860627d19131920nvuwr ne      0    0eng d</controlfield><datafield ind1=" " ind2=" " tag="010"><subfield code="a">sn 86076274 </subfield></datafield><datafield ind1=" " ind2=" " tag="040"><subfield code="a">NNX</subfield><subfield code="b">eng</subfield><subfield code="c">NNX</subfield><subfield code="d">OCLCQ</subfield></datafield><datafield ind1=" " ind2=" " tag="042"><subfield code="a">msc</subfield></datafield><datafield ind1="0" ind2="0" tag="245"><subfield code="a">Battle Mountain scout of central Nevada.</subfield></datafield><datafield ind1="1" ind2="3" tag="246"><subfield code="a">Battle Mountain scout</subfield></datafield><datafield ind1=" " ind2=" " tag="260"><subfield code="a">Battle Mountain, Nev. :</subfield><subfield code="b">A.B. Gibson,</subfield><subfield code="c">-1920.</subfield></datafield><datafield ind1=" " ind2=" " tag="300"><subfield code="a">v. :</subfield><subfield code="b">ill.</subfield></datafield><datafield ind1=" " ind2=" " tag="310"><subfield code="a">Weekly</subfield></datafield><datafield ind1="0" ind2=" " tag="362"><subfield code="a">-v. 6, no. 34 (Jan. 31, 1920).</subfield></datafield><datafield ind1="1" ind2=" " tag="362"><subfield code="a">Began with July 2, 1913 issue.</subfield><subfield code="z">Cf. Lingenfelter, R. Newspapers of Nev., 1954-1979.</subfield></datafield><datafield ind1=" " ind2=" " tag="500"><subfield code="a">Publisher: Apr. 18, 1914-Sept. 21, 1916, A.B. Gibson Pub. Co.; Sept. 9, 1916-Mar. 31, 1917, The Scout Pub. Co.; Apr. 7, 1917-Jan. 26, 1918, L.W. Haworth; Feb. 2, 1918-Jan. 31, 1920, A.L. Haworth.</subfield></datafield><datafield ind1=" " ind2=" " tag="588"><subfield code="a">Description based on: Vol. 1, no. 3 (July 16, 1913); title from publisher's statement: Battle Mountain scout, Apr. 7, 1917-Jan. 31, 1918.</subfield></datafield><datafield ind1=" " ind2=" " tag="752"><subfield code="a">United States</subfield><subfield code="b">Nevada</subfield><subfield code="c">Lander</subfield><subfield code="d">Battle Mountain.</subfield></datafield><datafield ind1="0" ind2="0" tag="785"><subfield code="t">Battle Mountain scout</subfield><subfield code="w">(DLC)sn 86076275</subfield></datafield><datafield ind1="1" ind2=" " tag="029"><subfield code="a">AU@</subfield><subfield code="b">000023435656</subfield></datafield></record>